
@article{vergne:inria-00585144, AUTHOR = {Vergne, Romain and Pacanowski, Romain and Barla, Pascal and Granier, Xavier and Schlick, Christophe}, TITLE = {{Improving Shape Depiction under Arbitrary Rendering}}, JOURNAL = {{IEEE Transactions on Visualization and Computer Graphics}}, PUBLISHER = {IEEE Computer Society}, VOLUME = {17}, NUMBER = {8}, PAGES = {1071 - 1081}, YEAR = {2011}, MONTH = Jun, DOI = {10.1109/TVCG.2010.252}, URL = {http://hal.inria.fr/inria-00585144} }

@article{vergne:inria-00569958, AUTHOR = {Vergne, Romain and Vanderhaeghe, David and Chen, Jiazhou and Barla, Pascal and Granier, Xavier and Schlick, Christophe}, TITLE = {{Implicit Brushes for Stylized Line-based Rendering}}, JOURNAL = {{Computer Graphics Forum}}, PUBLISHER = {Blackwell Publishing}, VOLUME = {30}, NUMBER = {2}, PAGES = {513-522}, YEAR = {2011}, MONTH = Apr, DOI = {10.1111/j.1467-8659.2011.01892.x}, URL = {http://hal.inria.fr/inria-00569958} }

@inproceedings{vanderhaeghe:hal-00617157, AUTHOR = {Vanderhaeghe, David and Vergne, Romain and Barla, Pascal and Baxter, William}, TITLE = {{Dynamic Stylized Shading Primitives}}, BOOKTITLE = {{NPAR '11:Proceedings of the 8th International Symposium on Non-Photorealistic Animation and Rendering}}, YEAR = {2011}, MONTH = Aug, PAGES = {99-104}, KEYWORDS = {non-photorealistic rendering, stylized shading, shape depiction, real-time rendering}, ADDRESS = {Vancouver, Canada}, DOI = {10.1145/2024676.2024693}, URL = {http://hal.inria.fr/hal-00617157} }

@article{vergne:inria-00400829, AUTHOR = {Vergne, Romain and Pacanowski, Romain and Barla, Pascal and Granier, Xavier and Schlick, Christophe}, TITLE = {{Light Warping for Enhanced Surface Depiction}}, JOURNAL = {{ACM Transaction on Graphics (Proceedings of SIGGRAPH 2009)}}, PUBLISHER = {ACM}, VOLUME = {28}, NUMBER = {3}, YEAR = {2009}, KEYWORDS = {expressive rendering, shading, perception, enhancement, rendering}, DOI = {10.1145/1531326.1531331}, URL = {http://hal.inria.fr/inria-00400829} }

@article{granzier:hal-00952552, AUTHOR = {Granzier, Jeroen J. M. and Vergne, Romain and Gegenfurtner, Karl R}, TITLE = {{The effects of surface gloss and roughness on color constancy for real 3-D objects}}, JOURNAL = {{Journal of Vision}}, PUBLISHER = {ARVO}, VOLUME = {14}, NUMBER = {2}, PAGES = {Article 16}, YEAR = {2014}, MONTH = Feb, KEYWORDS = {color perception; color constancy; illumination; material perception; shape; texture}, DOI = {10.1167/14.2.16}, URL = {http://hal.inria.fr/hal-00952552} }

@article{fleming:hal-00925016, AUTHOR = {Fleming, Roland and Vergne, Romain and Zucker, Steven}, TITLE = {{Predicting the effects of illumination in shape from shading}}, JOURNAL = {{Journal of Vision}}, PUBLISHER = {ARVO}, VOLUME = {13}, NUMBER = {9}, PAGES = {article 611}, YEAR = {2013}, MONTH = Jul, NOTE = {Abstracts of the Vision Sciences Society Meeting, May 10-15, 2013, Naples, FL.}, KEYWORDS = {3D perception}, DOI = {10.1167/13.9.611}, URL = {http://hal.inria.fr/hal-00925016} }